@article{increasingprevalence, title={The increasing prevalence of autism spectrum disorders}, volume={5}, number={1}, journal={Research in Autism Spectrum Disorders}, author={Matson, Johnny L. and Kozlowski, Alison M.}, year={2011}, pages={418--425}
}

@inbook{olgab, title={Sensory perceptual profile}, url={http://books.google.com/books?hl=en&lr=&id=RCQ1U38WmjIC&pgis=1}, booktitle={Sensory perceptual issues in autism and asperger syndrome different sensory experiences different perceptual worlds}, publisher={Jessica Kingsley Publishers}, author={Bogdashina, Olga}, year={2003}, pages={160--169}
}

@article{fears, title={Unusual fears in children with autism}, volume={7}, number={1}, journal={Research in Autism Spectrum Disorders}, author={Mayes, Susan Dickerson and Calhoun, Susan L. and Aggarwal, Richa and Baker, Courtney and Mathapati, Santosh and Molitoris, Sarah and Mayes, Rebecca D.}, year={2013}, pages={151--158}
}

@article{temperament, title={Sensory correlates of difficult temperament characteristics in preschool children with autism}, volume={6}, number={3}, journal={Research in Autism Spectrum Disorders}, author={Chuang, I. Ching and Tseng, Mei Hui and Lu, Lu and Shieh, Jeng Yi}, year={2012}, pages={988--995}
}

@article{bayes, title={When the world becomes “too real”: A Bayesian explanation of autistic perception}, volume={16}, number={10}, journal={Trends in Cognitive Sciences}, author={Pellicano, Elizabeth and Burr, David}, year={2012}, pages={504--510}
}

@book{williams1996, title={Autism: An inside-out approach: An innovative look at the mechanics of 'autism' and its developmental 'cousins'},  publisher={London: Jessica Kingsley}, author={Williams, Donna}, year={1996}
}

@book{williams1994, title={Somebody Somewhere: Breaking Free from the World of Autism },  publisher={London: Jessica Kingsley}, author={Williams, Donna}, year={1994}
}

@book{williams1992, title={ Nobody Nowhere: The Remarkable Autobiography of an Autistic Girl },  publisher={London: Jessica Kingsley}, author={Williams, Donna}, year={1998}
}

@article{sensory_leisure, title={Sensory processing abilities and their relation to participation in leisure activities among children with high-functioning autism spectrum disorder (HFASD)}, volume={4}, number={4}, journal={Research in Autism Spectrum Disorders}, author={Hochhauser, Michal and Engel-Yeger, Batya}, year={2010}, pages={746--754}
}

@article{sensory_toddlers, title={Parent reports of sensory symptoms in toddlers with autism and those with other developmental disorders.}, volume={33}, number={6}, journal={Journal of autism and developmental disorders}, author={Rogers, Sally J and Hepburn, Susan and Wehner, Elizabeth}, year={2003}, pages={631--642}
}

@article{sensory_children, title={Describing the sensory abnormalities of children and adults with autism.}, volume={37}, number={5}, journal={Journal of autism and developmental disorders}, author={Leekam, Susan R and Nieto, Carmen and Libby, Sarah J and Wing, Lorna and Gould, Judith}, year={2007}, pages={894--910}
}

@article{iaroc, title={Sensory integration and the perceptual experience of persons with autism.}, volume={36}, number={1}, journal={Journal of autism and developmental disorders}, author={Iarocci, Grace and McDonald, John}, year={2006}, pages={77--90}
}

@article{rss_cognitive, title={Restricted and repetitive behaviours, sensory processing and cognitive style in children with autism spectrum disorders.}, volume={39}, number={4}, journal={Journal of autism and developmental disorders}, author={Chen, Yu-Han and Rodgers, Jacqui and McConachie, Helen}, year={2009}, pages={635--642}
}

@article{rrsyouth, title={Restricted and repetitive behaviors and psychiatric symptoms in youth with autism spectrum disorders}, volume={7}, number={6}, journal={Research in Autism Spectrum Disorders}, author={Stratis, Elizabeth A. and Lecavalier, Luc}, year={2013}, pages={757--766}
}

@article{rrs_sensory, title={Is there a relationship between restricted, repetitive, stereotyped behaviors and interests and abnormal sensory response in children with autism spectrum disorders?}, volume={2}, number={4}, journal={Research in Autism Spectrum Disorders}, author={Gabriels, Robin L. and Agnew, John A. and Miller, Lucy Jane and Gralla, Jane and Pan, Zhaoxing and Goldson, Edward and Ledbetter, James C. and Dinkins, Juliet P. and Hooks, Elizabeth}, year={2008}, pages={660--670}
}



@article{aspieway, title={“Itʼs like you are just a spectator in this thing”: Experiencing social life the “aspie” way}, volume={1}, number={2}, journal={Emotion, Space and Society}, author={Ryan, Sara and Räisänen, Ulla}, year={2008}, pages={135--143}
}

@article{autism_awareness, title={Awareness and knowledge of autism and autism interventions: A general population survey}, volume={7}, number={12}, journal={Research in Autism Spectrum Disorders}, author={Dillenburger, Karola and Jordan, Julie Ann and McKerr, Lyn and Devine, Paula and Keenan, Mickey}, year={2013}, pages={1558--1567}
}

@article{teachersinclusion, title={Factors relating to education professionalsʼ classroom practices for the inclusion of students with autism spectrum disorders}, volume={6}, number={3}, journal={Research in Autism Spectrum Disorders}, author={Segall, Matthew J. and Campbell, Jonathan M.}, year={2012}, pages={1156--1167}
}

@article{nasschool, title={Make school make sense. Autism and education: the reality for families today}, author={Amanda Batten, Clare Corbett, Mia Rosenblatt, Liz Withers}
}



@article{meltdowns_goingout, title={“Meltdowns”, surveillance and managing emotions; going out with children with autism}, volume={16}, number={5}, journal={Health and Place}, author={Ryan, Sara}, year={2010}, pages={868--875}
}

@article{rss_anxiety, title={Relations among restricted and repetitive behaviors, anxiety and sensory features in children with autism spectrum disorders}, volume={8}, url={http://www.sciencedirect.com/science/article/pii/S1750946713001979}, number={2}, journal={Research in Autism Spectrum Disorders}, author={Lidstone, Jane and Uljarević, Mirko and Sullivan, Jillian and Rodgers, Jacqui and McConachie, Helen and Freeston, Mark and Le Couteur, Ann and Prior, Margot and Leekam, Susan}, year={2014}, pages={82--92}
}

@article{dyslexiasimrev, title={Virtual Environments and Dyslexia: A Literature Review}, volume={27}, url={http://www.sciencedirect.com/science/article/pii/S1877050914000192}, journal={Procedia Computer Science}, author={Kalyvioti, Katerina and Mikropoulos, Tassos A.}, year={2014}, pages={138--147}
}

@article{dyslexicsimpar, title={The impact of virtual reality on parents’ awareness of cognitive perceptions of a dyslectic child}, volume={13}, number={4}, journal={Education and Information Technologies}, author={Passig, David and Eden, Sigal and Rosenbaum, Vanina}, year={2008}, pages={329--344}
}

@article{sensoryexperiences, title={First-hand accounts of sensory perceptual experiences in autism: A qualitative analysis}, author={Jones, Robert and Quigney, Ciara and Huws, Jaci}, journal={Journal of Intellectual and Developmental Disability}, volume={28}, number={2}, pages={112--121}, year={2003}, publisher={Informa UK Ltd UK} 
}

@article{minshewmodel, title={Autism As A Disorder Of Complex Information Processing}, volume={4}, journal={Mental Retardation And Developmental Disabilities Research Reviews}, author={Minshew, Nancy J. and Goldstein, Gerald}, year={1998}, pages={129–136}
}

@article{teacherchallenge, title={ Assessing need in school-aged children with an autism spectrum disorder}, volume={4}, url={http://dx.doi.org/10.1016/j.rasd.2009.12.009}, number={4}, journal={Research in Autism Spectrum Disorders}, publisher={Elsevier Ltd}, author={Hunter, Duncan and Kelley, Elizabeth and Brown, Hilary K. and Ouellette-Kuntz, Hélène}, year={2010}, pages={539--547}
}

@article{sensory_overview, title={ Sensory issues in Autism(2007). East sussex county council}
}

@article{teachersinclusion, title={ Factors relating to education professionals' classroom practices for the inclusion of students with ASD. Matthew J Segall, Jonathon M. Campbel, year={2012}}
}

@article{dsm52, title={ Diagnostic and Statistical Manual of Mental Disorders (DSM-5)}
}

@MISC{statsandfacts,
title = {Ambitious about autism},
url = {www.ambitiousaboutautism}
}

@MISC{udyslexia,
title = {Understanding dyslexia},
url = {http://www.weau.com/home/headlines/Understanding-dyslexia-by-walking-in-their-shoes-199472921.html}
}

@MISC{autismmisconception,
title = {Autism misconceptions},
url = {http://www.nhs.uk/Livewell/Autism/Pages/Autismmythsandfacts.aspxl}
}

@MISC{nas,
title = {National autistic society},
url = {www.autism.org.uk}
}

@MISC{dd,
title = {Disability awareness: Beyond the day},
url = {http://www.serviceandinclusion.org/index.php?page=simulations}
}

@MISC{dsm5,
title = {DSM-V},
url = {http://crackingtheenigma.blogspot.co.uk/2014/01/the-evolution-of-autism-comparing-dsm.html}
}


