@article{Matson_Kozlowski_2011, title={The increasing prevalence of autism spectrum disorders}, volume={5}, number={1}, journal={Research in Autism Spectrum Disorders}, author={Matson, Johnny L. and Kozlowski, Alison M.}, year={2011}, pages={418--425}
}

@inbook{Bogdashina_2003, title={Sensory perceptual profile}, url={http://books.google.com/books?hl=en&lr=&id=RCQ1U38WmjIC&pgis=1}, booktitle={Sensory perceptual issues in autism and asperger syndrome different sensory experiences different perceptual worlds}, publisher={Jessica Kingsley Publishers}, author={Bogdashina, Olga}, year={2003}, pages={160--169}
}

@article{Mayes_et_al_2013, title={Unusual fears in children with autism}, volume={7}, number={1}, journal={Research in Autism Spectrum Disorders}, author={Mayes, Susan Dickerson and Calhoun, Susan L. and Aggarwal, Richa and Baker, Courtney and Mathapati, Santosh and Molitoris, Sarah and Mayes, Rebecca D.}, year={2013}, pages={151--158}
}

@article{Chuang_Tseng_Lu_Shieh_2012, title={Sensory correlates of difficult temperament characteristics in preschool children with autism}, volume={6}, number={3}, journal={Research in Autism Spectrum Disorders}, author={Chuang, I. Ching and Tseng, Mei Hui and Lu, Lu and Shieh, Jeng Yi}, year={2012}, pages={988--995}
}

@article{Pellicano_Burr_2012, title={When the world becomes “too real”: A Bayesian explanation of autistic perception}, volume={16}, number={10}, journal={Trends in Cognitive Sciences}, author={Pellicano, Elizabeth and Burr, David}, year={2012}, pages={504--510}
}

@book{Williams_1996, title={Autism: An inside-out approach: An innovative look at the mechanics of 'autism' and its developmental 'cousins'},  publisher={London: Jessica Kingsley}, author={Williams, Donna}, year={1996}
}

@book{Williams_1994, title={Somebody Somewhere: Breaking Free from the World of Autism },  publisher={London: Jessica Kingsley}, author={Williams, Donna}, year={1994}
}

@book{Williams_1998, title={ Nobody Nowhere: The Remarkable Autobiography of an Autistic Girl },  publisher={London: Jessica Kingsley}, author={Williams, Donna}, year={1998}
}

@article{Hochhauser_Engel-Yeger_2010, title={Sensory processing abilities and their relation to participation in leisure activities among children with high-functioning autism spectrum disorder (HFASD)}, volume={4}, number={4}, journal={Research in Autism Spectrum Disorders}, author={Hochhauser, Michal and Engel-Yeger, Batya}, year={2010}, pages={746--754}
}

@article{Rogers_Hepburn_Wehner_2003, title={Parent reports of sensory symptoms in toddlers with autism and those with other developmental disorders.}, volume={33}, number={6}, journal={Journal of autism and developmental disorders}, author={Rogers, Sally J and Hepburn, Susan and Wehner, Elizabeth}, year={2003}, pages={631--642}
}

@article{Leekam_Nieto_Libby_Wing_Gould_2007, title={Describing the sensory abnormalities of children and adults with autism.}, volume={37}, number={5}, journal={Journal of autism and developmental disorders}, author={Leekam, Susan R and Nieto, Carmen and Libby, Sarah J and Wing, Lorna and Gould, Judith}, year={2007}, pages={894--910}
}

@article{Iarocci_McDonald_2006, title={Sensory integration and the perceptual experience of persons with autism.}, volume={36}, number={1}, journal={Journal of autism and developmental disorders}, author={Iarocci, Grace and McDonald, John}, year={2006}, pages={77--90}
}

@article{Chen_Rodgers_McConachie_2009, title={Restricted and repetitive behaviours, sensory processing and cognitive style in children with autism spectrum disorders.}, volume={39}, number={4}, journal={Journal of autism and developmental disorders}, author={Chen, Yu-Han and Rodgers, Jacqui and McConachie, Helen}, year={2009}, pages={635--642}
}

@article{Stratis_Lecavalier_2013, title={Restricted and repetitive behaviors and psychiatric symptoms in youth with autism spectrum disorders}, volume={7}, number={6}, journal={Research in Autism Spectrum Disorders}, author={Stratis, Elizabeth A. and Lecavalier, Luc}, year={2013}, pages={757--766}
}

@article{Gabriels_et_al_2008, title={Is there a relationship between restricted, repetitive, stereotyped behaviors and interests and abnormal sensory response in children with autism spectrum disorders?}, volume={2}, number={4}, journal={Research in Autism Spectrum Disorders}, author={Gabriels, Robin L. and Agnew, John A. and Miller, Lucy Jane and Gralla, Jane and Pan, Zhaoxing and Goldson, Edward and Ledbetter, James C. and Dinkins, Juliet P. and Hooks, Elizabeth}, year={2008}, pages={660--670}
}
