@article{Matson_Kozlowski_2011, title={The increasing prevalence of autism spectrum disorders}, volume={5}, number={1}, journal={Research in Autism Spectrum Disorders}, author={Matson, Johnny L. and Kozlowski, Alison M.}, year={2011}, pages={418--425}
}


@article{Mayes_et_al_2013, title={Unusual fears in children with autism}, volume={7}, number={1}, journal={Research in Autism Spectrum Disorders}, author={Mayes, Susan Dickerson and Calhoun, Susan L. and Aggarwal, Richa and Baker, Courtney and Mathapati, Santosh and Molitoris, Sarah and Mayes, Rebecca D.}, year={2013}, pages={151--158}
}



